@book{Sommerville10,
  added-at = {2012-05-30T11:07:40.000+0200},
  address = {Harlow, England},
  author = {Sommerville, Ian},
  biburl = {http://www.bibsonomy.org/bibtex/2094b37a4bb8b242d7694cdc9142e0d80/flint63},
  edition = 9,
  file = {Amazon Search inside:http\://www.amazon.de/gp/reader/0137035152/:URL;Google Books:http\://books.google.de/books?isbn=9780137035151:URL},
  groups = {public},
  interhash = {3cb472cdd9d5e4f37480b38846de450e},
  intrahash = {094b37a4bb8b242d7694cdc9142e0d80},
  isbn = {978-0-13-703515-1},
  keywords = {v1205 book software engineering intro},
  publisher = {Addison-Wesley},
  timestamp = {2015-03-11T14:52:34.000+0100},
  title = {Software Engineering},
  username = {flint63},
  year = 2010
  }
  
  @book{J,
 author = {Statdlober ,Juliano},
 title = "Help-Desk e SAC com Qualidade",
 publisher = "Brasport",
 year  =  2006,
 address = "Rio de Janeiro",
 edition = "1"
 }
 
  @book{UFSM,
 author = {Muller, Felipe Martins},
 title = "Plano Diretor de Tecnologia da Informa\c{c}\~ao – PDTI 2012-2013",
 publisher = "UFSM",
 year  =  2013,
 address = "Santa Maria Rio Grande Do Sul",
 edition = "1"
 }
  @book{Baldin,
 author = "F. {Baldin} and S. {Baldin}",
 title = "Revolu\c{c}\~ao Invis\'ivel: Uma nova forma de Gest\~ao em Servi\c{c}o",
 publisher = "Biblioteca 24 horas",
 year  =  2011,
 address = "S\~ao Paulo",
 edition = "1"
 }
 
 @book{f,
 author = "A.A. {Fernandes} and V.F. {Abreu}",
 title = "Implantando a Governan\c{c}a de TI:Da Estrat\'egia \'a  Gest\~ao dos Processos e Servi\c{c}os",
 publisher = "Brasport",
 year  =  2012,
 address = "Rio de Janeiro",
 edition = "1"
 }
 
 @book{ITIL,
 author = {Filho, Felício Cestari},
 title = "ITIL V3 Fundamentos",
 publisher = "Escola Superior de Redes RNP",
 year  =  2011,
 address = "Rio de Janeiro",
 edition = "1"
 }
 
 @book{YIN,
 author = {YIN, Robert K},
 title = "Estudo de caso: planejamento de métodos",
 publisher = "Bookman",
 year  =  2010,
 address = "Porto Alegre RS",
 edition = "4"
 }
  
  @book{ITIL2,
 author = {ITIL},
 title = "ITIL Foudation",
 publisher = "Oficial",
 year  =  2011,
 address = "",
 edition = "5"
 }
 
 @book{iso,
 author = {ISO/IEC38500},
 title = "International Standard. Corporate of Information  Techinology ",
 publisher = " Universidad de Cadiz",
 year  =  2008,
 address = "Suiça",
 edition = "1"
 }
 
Mancini, M. and Rosini, A. (2013). O cobit como modelo de governança de ti aplicado
em uma instituição financeira do brasil. Workshop.
@book{Mancini,
 author = {Mancini, M. and Rosini, A.},
 title = " O cobit como modelo de governança de ti aplicado
em uma instituição financeira do brasil ",
 publisher = " Workshop",
 year  =  2013,
 address = "Brasil",
 edition = "1"
 }
Neves, R. T. (2013). Gerenciamento de problemas á luz da itil v3: Implantando a gestão
por meio do software open ticket request system (otrs). Senac.
@book{Neves,
 author = {Neves, R. T.},
 title = " Gerenciamento de problemas á luz da itil v3: Implantando a gestão
por meio do software open ticket request system (otrs) ",
 publisher = " Senac",
 year  =  2013,
 address = "Brasil",
 edition = "1"
 }

 @Misc{Cobit,

author = {Isaca},

title = {COBIT 5: Enabling Process},

howpublished = { Dispon\'{\i}vel em: http://www.isaca.org},

year = {2012},

note = { Acesso em 25 de março de 2015},
}

@Misc{Citsmart,

author = {Citsmart},

title = {CITSMART: Intelligent Governance},

howpublished = { Dispon\'{\i}vel em: http://www.citsmart.com.br/software/},

year = {2015},

note = { Acesso em 01 de outubro de 2015},
}
 

 % @article {wessberg2000real,
  title={Real-time prediction of hand trajectory 
by ensembles of cortical neurons in primates},
  author={Wessberg, Johan and Stambaugh, Christopher R and 
Kralik,Jerald D and 
Beck, Pamela D and Laubach, Mark and 
Chapin, John K and Kim, Jung and Biggs, S James and 
Srinivasan, Mandayam A and Nicolelis, Miguel AL},
  journal={Nature},
  volume={408},
  number={6810},
  pages={361--365},
  year={2000},
  publisher={Nature Publishing Group}
}


@Article{p ,
title ={Desenvolvimento e aplicação de um método para detec\{c}~ao de indício de pl\'agio},

author ={Pertile, Solange},

journal ={Universidade Federal de Santa Maria Centro de Tecnologia },
publisher={ Escola de Administra\c{c}\~ao},

year = {2011},

}
 
 @Article{Morais,
title = {Benef\'icios Identificados com a Implanta\c{c}\~ao de Pr\'aticas de Governan\c{c}a de TI: Um Estudo de Caso },
author = {Morais, Enio Sanhudo},
journal={Universidade Federal do Rio Grande do Sul},
publisher={ Escola de Administra\c{c}\~ao},
year = {2010},

}

@Article{Masson,
title = {A Governan\c{c}a de TI Aut\^onoma na Administra\c{c}\~ao P\'ublica Federal },
author = {Masson, E.T.S. and Junior, E. C. M. and Pereira, J. N. and Neto, J. S. },
journal={SEGeT },
publisher={XI Simpósio de Excelencia em Governança de TI},
year = {2014},

}




% @Misc{Citsmart,

author = {Citsmart},

OPTtitle = {Citsmart},

OPThowpublished = {http://www.citsmart.com.br},

OPTyear = {2015},

OPTnote = { Acesso em 19 de abril de 2015},
}
@Misc{Cobit,

author = {Isaca},

title = {COBIT 5: Enabling Process},

howpublished = { Dispon\'{\i}vel em: http://www.isaca.org},

year = {2012},

note = { Acesso em 25 de março de 2015},
}

 @Misc{R,

author = {Rodrigues,M. V. R.},

title = {Governan\c{c}a  TI no Setor P\'{u}blico:Caso Dataprev IT Governance },

howpublished = {Dispon\'{\i}vel em: http://www.kmpress.com.br/site/wp-content/uploads},

year = {2005},

note = { Acesso em 25 de mar\c{c}o de 2015},
}






%%% Arquivo que devera conter todas as suas referencias bibliograficas

%%% Para livros utilize book

%%% Para artigos em revistas (journals) utilize article

%%% Para artigos em conferencias e eventos utilize inproceedings

%%% Para monografias de graduacao e trabalhos tecnicos utilize techreport

%%% Para artigos online e material web utilize misc

%%% Para outros acessar http://en.wikibooks.org/wiki/LaTeX/Bibliography_Management

@book{Barbosa,

author = "Simone Barbosa Diniz Junqueira and Bruno Santana da Silva,",

title = " Intera\c{c}\~ao Humano-Computador",

publisher = "Elsevir Editora Ltda",

year = "2010",

}

@MastersThesis{Freire,

author = {Freire A. P.},

title = {Acessibilidade no desenvolvimento de sistemas web: um estudo sobre o cenário brasileiro.},

school = {Universidade S\~ao Paulo-S\~ao Carlos},

year = {2008},

}

@Article{Jazayeri,

author = {Jazayeri, M.},

title = {Some trends in web application development},

journal = {Future of Software Engineering, 2007. FOSE ’07.},

year = {2007},

}

@Misc{Brasil,

author = {Brasil},

title = {Decreto lei 5296 – Regulamenta as Leis nos 10.048, de 8 de novembro de 2000 e 10.098, de 19 de dezembro de 2000.},

howpublished = {Di\'ario Oficial da Uni\~ao},

year = {2004},

OPTnote = {Acesso em: 26 de Mar\c{c}o de 2015},

}

@Misc{Caldwell,

OPTauthor = {Caldwell, B., Reid, L. G., Cooper, M., and Vanderheiden, G.},

OPTtitle = {Web content accessibility guidelines (WCAG) 2.0. W3C recommendation, W3C.},

OPThowpublished = {http://www.w3.org/TR/WCAG20/},

OPTyear = {2008},

OPTnote = {Acesso em: 20 de Mar\c{c}o de 2015},

}

　

@Misc{Gabriel,

author = {Gabriel, A. E. D. S., do Bomfim, C. G., Leite, E. S. M., Lobato, F. H., and Mesquita, H. G.},

title = {Modelo de acessibilidade em governo eletr\^onico emag. eMAG Modelo de Acessibilidade em Governo

Eletr\^onico, page 92.},

year = {2014},

note = {Acesso em: 25 de Mar\c{c}o de 2015},

}

@Misc{Henry,

author = {Henry, S. L. and Duffy, M.},

title = {Essential components of web accessibility. W3C recommendation, W3C.},

howpublished = {http://www.w3.org/WAI/intro/components.php.},

OPTyear = {2005},

OPTnote = {Acesso em: 20 de Mar\c{c}o de 2015},

}

 

@Article{Gomes,

author = {Gomes, J., Vianna, P.H., Carvalho, D., Pazuch, S.S., Lorini, A.,Carvalho, D., Steffens, R.},

title = {An\'alise de Acessibilidade Aplicada ao Website da Universidade Federal de Santa Maria},

journal = {Encontro Anual da Tecnologia da Informação},

year = {2014},

}

@Article{Lucca,

author = {Lucca, Di G.A., Fasolino, A. R., Tramontana, P.},

title = {Web Site Accessibility: Identifying and Fixing Accessibility Problems in Client Page Code},

journal = {Web Site Evolution. Seventh IEEE International Symposium on.},

year = {2005},

}

@Article{Baranauskas,

author = {Melo A. M., Baranauskas, M. C. C., Bonilha, F., F., G. },

title = {Avaliação de Acessibilidade na Web com a Participação do Usuário – um Estudo de Caso},

journal = {VI Simpósio sobre Fatores Humanos em Sistemas Computacionais — Mediando e Transformando o Cotidiano},

year = {2004},

}

　

@Misc{Hewett,

author = {Hewett, T. T., Baecker, R., Card, S., Carey, T., Gasen, J., Mantei, M., Perlman, G., Strong, G., Verplank, W.},

title = { ACM SIGCHI Curricula for Human-Computer Interaction},

howpublished = {http://old.sigchi.org/cdg/},

year = {1992},

note = {Acesso em: Mar\c{c}o de 2015},

}

@Book{Card,

author = {Card, K. D., Moran, T. P., Newell, A.},

title = {The Psychology of Human Computer Interaction},

publisher = {Lawrence Erlbaum Associates},

year = {1983},

}

@Book{Norman,

author = {Norman, D. A., Draper, S. W.},

title = {USER CENTERED SYSTEM DESIGN.New Perspectives on Human-Computer Interaction},

publisher = {Lawrence Erlbaum Associates},

year = {1986},

}

@Article{Moran,

author = {Moran, T. P.},

title = {The Command Language Grammar: a representation for the user interface of interactive computer systems },

journal = {International Journal of Man-Machine Studies},

year = {1981},

}

@Book{Hix,

author = {Hix, D., Hartson, H. R.},

title = {Developing user interfaces: ensuring usability through product & process},

publisher = { Wiley},

year = {1993},

  }
